@Article{jonesS10IJRR,
  author = 	{Jones, E.
		and Soatto, S.},
  title = 	{Visual-Inertial Navigation, Mapping and Localization: A Scalable Real-Time Causal Approach},
  journal = 	{International Journal of Robotics Research},
  year = 	{2011},
  month = 	{January}
}

@Book{maSKS,
  author = 	{Ma, Y.
		and Soatto, S.
		and Kosecka, J.
		and Sastry, S.},
  title = 	{An invitation to 3D vision, from images to models},
  year = 	{2003},
  publisher = 	{Springer Verlag},
  isbn = 	{0-387-00893-4}
}

@InCollection{tsotsosCS15,
  author = 	{Tsotsos, K.
		and Chiuso, A.
		and Soatto, S.},
  title = 	{Robust Inference for Visual-Inertial Sensor Fusion},
  booktitle = 	{Proceedings of the International Conference on Robotics and Automation (ICRA)},
  year = 	{2015},
  month = 	{May}
}

@article{kannala2006generic,
  title={A generic camera model and calibration method for conventional, wide-angle, and fish-eye lenses},
  author={Kannala, Juho and Brandt, Sami S},
  journal={IEEE transactions on pattern analysis and machine intelligence},
  volume={28},
  number={8},
  pages={1335--1340},
  year={2006},
  publisher={IEEE}
}

@inproceedings{klein2007parallel,
  title={Parallel tracking and mapping for small AR workspaces},
  author={Klein, Georg and Murray, David},
  booktitle={Mixed and Augmented Reality, 2007. ISMAR 2007. 6th IEEE and ACM International Symposium on},
  pages={225--234},
  year={2007},
  organization={IEEE}
}

@inproceedings{li2012improving,
  title={Improving the accuracy of EKF-based visual-inertial odometry},
  author={Li, Mingyang and Mourikis, Anastasios I},
  booktitle={Robotics and Automation (ICRA), 2012 IEEE International Conference on},
  pages={828--835},
  year={2012},
  organization={IEEE}
}

@article{civera2008inverse,
  title={Inverse depth parametrization for monocular SLAM},
  author={Civera, Javier and Davison, Andrew J and Montiel, JM Martinez},
  journal={IEEE transactions on robotics},
  volume={24},
  number={5},
  pages={932--945},
  year={2008},
  publisher={IEEE}
}

@article{civera20101,
  title={1-Point RANSAC for extended Kalman filtering: Application to real-time structure from motion and visual odometry},
  author={Civera, Javier and Grasa, Oscar G and Davison, Andrew J and Montiel, JMM},
  journal={Journal of Field Robotics},
  volume={27},
  number={5},
  pages={609--631},
  year={2010},
  publisher={Wiley Online Library}
}

@article{gallego2015compact,
  title={A compact formula for the derivative of a 3-D rotation in exponential coordinates},
  author={Gallego, Guillermo and Yezzi, Anthony},
  journal={Journal of Mathematical Imaging and Vision},
  volume={51},
  number={3},
  pages={378--384},
  year={2015},
  publisher={Springer}
}

@book{bierman2006factorization,
  title={Factorization methods for discrete sequential estimation},
  author={Bierman, Gerald J},
  year={2006},
  publisher={Courier Corporation}
}

@Book{NoceWrig06,
  Title={Numerical Optimization},
  Author={Jorge Nocedal and Stephen J. Wright},
  Publisher={Springer},
  Year={2006}
}

@book{ascher1998computer,
  title={Computer methods for ordinary differential equations and differential-algebraic equations},
  author={Ascher, Uri M and Petzold, Linda R},
  volume={61},
  year={1998},
  publisher={Siam}
}

@inproceedings{mourikis2007multi,
  title={A multi-state constraint Kalman filter for vision-aided inertial navigation},
  author={Mourikis, Anastasios I and Roumeliotis, Stergios I},
  booktitle={Proceedings 2007 IEEE International Conference on Robotics and Automation},
  pages={3565--3572},
  year={2007},
  organization={IEEE}
}

@article{leutenegger2015keyframe,
  title={Keyframe-based visual--inertial odometry using nonlinear optimization},
  author={Leutenegger, Stefan and Lynen, Simon and Bosse, Michael and Siegwart, Roland and Furgale, Paul},
  journal={The International Journal of Robotics Research},
  volume={34},
  number={3},
  pages={314--334},
  year={2015},
  publisher={SAGE Publications Sage UK: London, England}
}

@article{bloesch2017iterated,
  title={Iterated extended Kalman filter based visual-inertial odometry using direct photometric feedback},
  author={Bloesch, Michael and Burri, Michael and Omari, Sammy and Hutter, Marco and Siegwart, Roland},
  journal={The International Journal of Robotics Research},
  volume={36},
  number={10},
  pages={1053--1072},
  year={2017},
  publisher={SAGE Publications Sage UK: London, England}
}

@inproceedings{bloesch2015robust,
  title={Robust visual inertial odometry using a direct EKF-based approach},
  author={Bloesch, Michael and Omari, Sammy and Hutter, Marco and Siegwart, Roland},
  booktitle={2015 IEEE/RSJ international conference on intelligent robots and systems (IROS)},
  pages={298--304},
  year={2015},
  organization={IEEE}
}

@article{qin2018vins,
  title={Vins-mono: A robust and versatile monocular visual-inertial state estimator},
  author={Qin, Tong and Li, Peiliang and Shen, Shaojie},
  journal={IEEE Transactions on Robotics},
  volume={34},
  number={4},
  pages={1004--1020},
  year={2018},
  publisher={IEEE}
}

@inproceedings{schubert2018tum,
  title={The TUM VI benchmark for evaluating visual-inertial odometry},
  author={Schubert, David and Goll, Thore and Demmel, Nikolaus and Usenko, Vladyslav and St{\"u}ckler, J{\"o}rg and Cremers, Daniel},
  booktitle={2018 IEEE/RSJ International Conference on Intelligent Robots and Systems (IROS)},
  pages={1680--1687},
  year={2018},
  organization={IEEE}
}